<record><leader>03388cam a2200517 i 4500</leader><controlfield tag="001">6743046</controlfield><controlfield tag="003">OCoLC</controlfield><controlfield tag="005">20141121150225.0</controlfield><controlfield tag="008">131031t20152015moua     b    001 0 eng  </controlfield><datafield ind1=" " ind2=" " tag="010"><subfield code="a">  2013043592</subfield></datafield><datafield ind1="7" ind2=" " tag="016"><subfield code="a">101619234</subfield><subfield code="2">DNLM</subfield></datafield><datafield ind1=" " ind2=" " tag="020"><subfield code="a">9780323112406 (pbk. : alk. paper)</subfield></datafield><datafield ind1=" " ind2=" " tag="020"><subfield code="a">0323112404 (pbk. : alk. paper)</subfield></datafield><datafield ind1=" " ind2=" " tag="035"><subfield code="a">ocn857403716</subfield></datafield><datafield ind1=" " ind2=" " tag="040"><subfield code="a">DNLM/DLC</subfield><subfield code="b">eng</subfield><subfield code="e">rda</subfield><subfield code="c">DLC</subfield><subfield code="d">YDX</subfield><subfield code="d">BTCTA</subfield><subfield code="d">NLM</subfield><subfield code="d">YDXCP</subfield><subfield code="d">YUM</subfield><subfield code="d">VET</subfield><subfield code="d">NUI</subfield><subfield code="d">SZR</subfield><subfield code="d">OCLCF</subfield><subfield code="d">UAB</subfield></datafield><datafield ind1=" " ind2=" " tag="042"><subfield code="a">pcc</subfield></datafield><datafield ind1="0" ind2="0" tag="050"><subfield code="a">RC76</subfield><subfield code="b">.M63 2015</subfield></datafield><datafield ind1="1" ind2="0" tag="060"><subfield code="a">WB 205</subfield></datafield><datafield ind1=" " ind2="4" tag="060"><subfield code="a">WB 205</subfield><subfield code="b">B187s 2015</subfield></datafield><datafield ind1="0" ind2="0" tag="082"><subfield code="a">616.07/54</subfield><subfield code="2">23</subfield></datafield><datafield ind1=" " ind2=" " tag="090"><subfield code="a">RC 76 M63 2015</subfield><subfield code="b">AEU</subfield></datafield><datafield ind1="1" ind2=" " tag="100"><subfield code="a">Ball, Jane</subfield><subfield code="q">(Jane W.),</subfield><subfield code="e">author.</subfield></datafield><datafield ind1="1" ind2="0" tag="240"><subfield code="a">Mosby's guide to physical examination</subfield></datafield><datafield ind1="1" ind2="0" tag="245"><subfield code="a">Seidel's guide to physical examination /</subfield><subfield code="c">Jane W. Ball, DrPH, RN, CPNP, Trauma Systems Consultant, American College of Surgeons, Joyce E. Dains, DrPH, JD, RN, FNP-BC, FAANP, Associate Professor of Nursing, The University of Texas, The University of Texas MD Anderson Cancer Center, Houston, Texas, John A. Flynn, MD, MBA, MEd, Clinical Director and Professor of Medicine, Division of General Internal Medicine, The Johns Hopkins University School of Medicine, Baltimore, Maryland, Barry S. Solomon, MD, MPH, Associate Professor of Pediatrics, Medical Director Director, Harriet Land Clinic, Division of General Pediatrics and Adolescent Medicine, The Johns Hopkins University School of Medicine, Baltimore, Maryland, Rosalyn W. Stewart, MD, MS, MBA, Associate Professor of Pediatrics and Medicine, Departments of Pediatrics and Internal Medicine, The Johns Hopkins University School of Medicine, Baltimore, Maryland.</subfield></datafield><datafield ind1="1" ind2=" " tag="246"><subfield code="a">Guide to physical examination</subfield></datafield><datafield ind1=" " ind2=" " tag="250"><subfield code="a">Eighth edition.</subfield></datafield><datafield ind1=" " ind2="1" tag="264"><subfield code="a">St. Louis, Missouri :</subfield><subfield code="b">Elsevier/Mosby,</subfield><subfield code="c">[2015]</subfield></datafield><datafield ind1=" " ind2="4" tag="264"><subfield code="c">&#169;2015</subfield></datafield><datafield ind1=" " ind2=" " tag="300"><subfield code="a">xix, 714 pages :</subfield><subfield code="b">illustrations ;</subfield><subfield code="c">29 cm</subfield></datafield><datafield ind1=" " ind2=" " tag="336"><subfield code="a">text</subfield><subfield code="2">rdacontent</subfield></datafield><datafield ind1=" " ind2=" " tag="337"><subfield code="a">unmediated</subfield><subfield code="2">rdamedia</subfield></datafield><datafield ind1=" " ind2=" " tag="338"><subfield code="a">volume</subfield><subfield code="2">rdacarrier</subfield></datafield><datafield ind1=" " ind2=" " tag="500"><subfield code="a">Preceded by Mosby's guide to physical examination / Henry M. Seidel ... [et al.]. 7th ed. c2011.</subfield></datafield><datafield ind1=" " ind2=" " tag="504"><subfield code="a">Includes bibliographical references and index.</subfield></datafield><datafield ind1="0" ind2=" " tag="505"><subfield code="a">The history and interviewing process -- Cultural competency -- Examination techniques and equipment -- Vital signs and pain assessment -- Mental status -- Growth and measurement -- Nurition -- Skin, hair, and nails -- Lymphatic system -- Head and neck -- Eyes -- Ears, nose, and throat -- Chest and lungs -- Heart -- Blood vessels -- Breasts and axillae -- Abdomen -- Female genitalia -- Male genitalia -- Anus, rectum, and prostate -- Musculoskeletal system -- Neurologic system -- Sports participation evaluation -- Putting it all together -- Taking the next steps: critical thinking -- Recording information -- Emergency or life-threatening situations.</subfield></datafield><datafield ind1=" " ind2=" " tag="596"><subfield code="a">42</subfield></datafield><datafield ind1=" " ind2="0" tag="650"><subfield code="a">Physical diagnosis.</subfield></datafield><datafield ind1=" " ind2="0" tag="650"><subfield code="a">Medical history taking</subfield><subfield code="v">Methods.</subfield></datafield><datafield ind1="1" ind2="2" tag="650"><subfield code="a">Physical Examination</subfield><subfield code="x">methods.</subfield></datafield><datafield ind1="2" ind2="2" tag="650"><subfield code="a">Medical History Taking</subfield><subfield code="x">methods.</subfield></datafield><datafield ind1="1" ind2=" " tag="700"><subfield code="a">Dains, Joyce E.,</subfield><subfield code="e">author.</subfield></datafield><datafield ind1="1" ind2=" " tag="700"><subfield code="a">Flynn, John A.</subfield><subfield code="c">(Physician),</subfield><subfield code="e">author.</subfield></datafield><datafield ind1="1" ind2=" " tag="700"><subfield code="a">Solomon, Barry S.,</subfield><subfield code="e">author.</subfield></datafield><datafield ind1="1" ind2=" " tag="700"><subfield code="a">Stewart, Rosalyn W.,</subfield><subfield code="e">author.</subfield></datafield><datafield ind1=" " ind2=" " tag="949"><subfield code="a">RC 76 M63 2015</subfield><subfield code="c">1</subfield><subfield code="h">UAHL-B</subfield><subfield code="i">0162035194628</subfield></datafield><datafield ind1=" " ind2=" " tag="926"><subfield code="a">RC 76 M63 2015</subfield><subfield code="w">LC</subfield><subfield code="c">1</subfield><subfield code="i">0162035194628</subfield><subfield code="d">7/11/2016</subfield><subfield code="e">5/21/2016</subfield><subfield code="l">ON_SHELF</subfield><subfield code="m">UAHLTHSC</subfield><subfield code="n">5</subfield><subfield code="p">$150.00</subfield><subfield code="r">Y</subfield><subfield code="s">Y</subfield><subfield code="t">BOOK</subfield><subfield code="u">11/26/2014</subfield></datafield></record>